@article{Anderson,
	author  =	{Anderson, M. H. and Ensher, J. R. and Matthews, M. R. and Wieman, C. E.
				 and Cornell, E. A.},
	title   =	"{Observation of Bose-Einstein Condensation in a Dilute Atomic Vapor}",
	year    =	1995,
	journal =	{Science, (New Series)},
	pages   =	{198--201},
	volume  =	269
}

@article{Theis,
	author  =	{Theis, M. and Thalhammer, G. and Winkler, K. and Hellwig, M. and Ruff, G.
				 and Grimm, R. and Denschlag, J. H.},
	title   =	"{Tuning the scattering length with an optically induced Feshbach resonance}",
	year    =	2004,
	journal =	{Phys. Rev. Lett.},
	pages   =	{123001},
	number  =	93
}

@article{Kartashov,
	author  =	{Kartashov, Y. V. and Malomed, B. A. and Turner, L.},
	title   =	"{Solitons in nonlinear lattices}",
	year    =	2011,
	journal =	{Rev. Mod. Phys.},
	pages   =	{247--305},
	number  =	83
}

@article{Pitaevskii,
	author   =	{Питаевский, Л. П.},
	title    =	"{Конденсаты Бозе-Эйнштейна в поле лазерного излучения}",
	year     =	2006,
	journal  =	{УФН},
	pages    =	{345--364},
	volume   =	176,
	language =  {russian}
}

@article{Brazhnyi,
	author  =	{Brazhnyi, V. A. and Konotop, V. V.},
	title   =	{Theory of nonlinear matter waves inoptical lattices},
	year    =	2004,
	journal =	{Modern Phys. Lett.},
	pages   =	{627--651},
	number  =	18
}

@article{Jose,
	author  =	{Jose, S. and Surendran, P. and Wang, Y. and Herrera, I. and Krzemien, L.
				 and Whitlock, S. and McLean, R. and Sidorov, A. and Hannaford, P.},
	title   =	"{Periodic array of Bose-Einstein condensates in a magnetic lattice}",
	year    =	2014,
	journal =	{Phys. Rev. A},
	pages   =	{051602},
	number  =	89
}

@article{AlfAvr,
	author  =	{Alfimov, G. L. and Avramenko, A. I.},
	title   =	"{Coding of nonlinear states for the Gross-Pitaevskii equation with
				 periodic potential}",
	year    =	2013,
	journal =	{Physica D},
	pages   =	{29--45},
	volume  =	254
}

@article{Malomed,
	author  =	{Sakaguchi, H and Malomed, B. A},
	title   =	"{Matter-wave solitons in nonlinear optical lattices}",
	year    =	2010,
	journal =	{Phys. Rev. A},
	pages   =	{013624},
	number  =	81
}
